@inproceedings{kalakrishnan2011learning,
	title={Learning force control policies for compliant manipulation},
	author={Kalakrishnan, Mrinal and Righetti, Ludovic and Pastor, Peter and Schaal, Stefan},
	booktitle={2011 IEEE/RSJ International Conference on Intelligent Robots and Systems},
	pages={4639--4644},
	year={2011},
	organization={IEEE}
}
